<record><leader>00000cas a2200000 a 4500</leader><controlfield tag="001">71804396</controlfield><controlfield tag="008">060929d18771898iluwr ne      0   a0eng c</controlfield><datafield ind1=" " ind2=" " tag="010"><subfield code="a">sn2006061018</subfield></datafield><datafield ind1=" " ind2=" " tag="040"><subfield code="a">NVF</subfield><subfield code="b">eng</subfield><subfield code="c">NVF</subfield><subfield code="d">NVF</subfield><subfield code="d">OCLCF</subfield><subfield code="d">OCLCO</subfield><subfield code="d">OCLCA</subfield></datafield><datafield ind1="1" ind2=" " tag="029"><subfield code="a">AU@</subfield><subfield code="b">000040950531</subfield></datafield><datafield ind1=" " ind2=" " tag="042"><subfield code="a">pcc</subfield></datafield><datafield ind1=" " ind2=" " tag="043"><subfield code="a">n-us-il</subfield></datafield><datafield ind1="0" ind2="0" tag="245"><subfield code="a">Decatur weekly Republican.</subfield></datafield><datafield ind1=" " ind2=" " tag="260"><subfield code="a">Decatur, Ill. :</subfield><subfield code="b">Hamsher &amp; Mosser,</subfield><subfield code="c">1877-1898.</subfield></datafield><datafield ind1=" " ind2=" " tag="300"><subfield code="a">v.</subfield></datafield><datafield ind1=" " ind2=" " tag="310"><subfield code="a">Weekly</subfield></datafield><datafield ind1="0" ind2=" " tag="362"><subfield code="a">Vol. 11, no. 12 (Oct. 18, 1877)-v. 25, no. 52 (July 28, 1898).</subfield></datafield><datafield ind1=" " ind2=" " tag="515"><subfield code="a">Continues the numbering of Decatur Republican (Decatur, Ill. : Weekly).</subfield></datafield><datafield ind1=" " ind2=" " tag="515"><subfield code="a">Various incorrect numbering.</subfield></datafield><datafield ind1=" " ind2=" " tag="580"><subfield code="a">Daily eds. : Decatur daily Republican, &lt;1877&gt;-1894, and: Daily Republican (Decatur, Ill. : 1894), 1894-&lt;1898&gt;</subfield></datafield><datafield ind1=" " ind2="0" tag="651"><subfield code="a">Decatur (Ill.)</subfield><subfield code="v">Newspapers.</subfield></datafield><datafield ind1=" " ind2="7" tag="655"><subfield code="a">Newspapers.</subfield><subfield code="2">fast</subfield><subfield code="0">(OCoLC)fst01423814</subfield></datafield><datafield ind1=" " ind2="7" tag="651"><subfield code="a">Illinois</subfield><subfield code="z">Decatur.</subfield><subfield code="2">fast</subfield><subfield code="0">(OCoLC)fst01208165</subfield></datafield><datafield ind1=" " ind2=" " tag="752"><subfield code="a">United States</subfield><subfield code="b">Illinois</subfield><subfield code="c">Macon</subfield><subfield code="d">Decatur.</subfield></datafield><datafield ind1="1" ind2=" " tag="775"><subfield code="t">Decatur daily Republican</subfield><subfield code="w">(DLC)sn 84038412</subfield><subfield code="w">(OCoLC)84038412</subfield></datafield><datafield ind1="1" ind2=" " tag="775"><subfield code="t">Daily Republican (Decatur, Ill. : 1894)</subfield><subfield code="w">(DLC)sn 90054695</subfield><subfield code="w">(OCoLC)22713902</subfield></datafield><datafield ind1="0" ind2="0" tag="780"><subfield code="t">Decatur Republican (Decatur, Ill. : Weekly)</subfield><subfield code="w">(DLC)sn 85033571</subfield><subfield code="w">(OCoLC)12066795</subfield></datafield></record>